<collection>
<record>
<leader>06433cpcaa22010217a 4500</leader>
<controlfield tag="001">11810728</controlfield>
<controlfield tag="005">20180705164240.0</controlfield>
<controlfield tag="008">960206i19901990dcu eng </controlfield>
<datafield ind1=" " ind2=" " tag="010">
<subfield code="a"> 2004695160</subfield>
</datafield>
<datafield ind1=" " ind2=" " tag="035">
<subfield code="a">afc96000030</subfield>
</datafield>
<datafield ind1=" " ind2=" " tag="906">
<subfield code="a">7</subfield>
<subfield code="b">cbc</subfield>
<subfield code="c">orignew</subfield>
<subfield code="d">1</subfield>
<subfield code="e">ncip</subfield>
<subfield code="f">19</subfield>
<subfield code="g">y-folklife</subfield>
</datafield>
<datafield ind1=" " ind2=" " tag="955">
<subfield code="a">
mfor ?/?/96; shal 10/14/99; kblu 02-09-00; cker 02-17-00; mkru 2004-03-17; mkru 2004-11-30; mkru 2011-11-04
</subfield>
<subfield code="a">mkru 2012-12-19;</subfield>
<subfield code="a">mseg 2013-03-13; cker 2015-12-15</subfield>
<subfield code="a">mseg 2017-07-09</subfield>
<subfield code="a">mseg 2017-07-11</subfield>
<subfield code="a">mkru 2018-05-21</subfield>
</datafield>
<datafield ind1=" " ind2=" " tag="040">
<subfield code="a">DLC</subfield>
<subfield code="c">DLC</subfield>
<subfield code="e">appm</subfield>
<subfield code="d">DLC</subfield>
</datafield>
<datafield ind1="0" ind2=" " tag="041">
<subfield code="a">eng</subfield>
<subfield code="d">eng</subfield>
<subfield code="d">hun</subfield>
<subfield code="d">spa</subfield>
<subfield code="d">yid</subfield>
</datafield>
<datafield ind1=" " ind2=" " tag="043">
<subfield code="a">n-us---</subfield>
<subfield code="a">e-hu---</subfield>
<subfield code="a">nwcu---</subfield>
</datafield>
<datafield ind1=" " ind2=" " tag="090">
<subfield code="a">
RAA 53014 - RAA 53021; RAA 58301-58304; RXF 7101 - RXF 7103; RYM 3718-RYM 3719
</subfield>
</datafield>
<datafield ind1=" " ind2=" " tag="090">
<subfield code="a">
AFC 1990/012: SR 8-9, 18-19 (cassettes recorded concurrently with 10 in. reels)
</subfield>
</datafield>
<datafield ind1=" " ind2=" " tag="090">
<subfield code="a">AFC 1990/012: SR 5-7 (interview)</subfield>
</datafield>
<datafield ind1=" " ind2=" " tag="090">
<subfield code="a">AFC 1990/012: SR1-4, 10-17 (concerts 10 in. reels)</subfield>
</datafield>
<datafield ind1=" " ind2=" " tag="090">
<subfield code="a">AFC 1990/012</subfield>
</datafield>
<datafield ind1="0" ind2="0" tag="245">
<subfield code="a">1990 Neptune Plaza Concert Series collection,</subfield>
<subfield code="f">1990 /</subfield>
<subfield code="c">sponsored by the American Folklife Center.</subfield>
</datafield>
<datafield ind1="3" ind2=" " tag="246">
<subfield code="a">Neptune Plaza Concert Series, 1990</subfield>
</datafield>
<datafield ind1="0" ind2=" " tag="246">
<subfield code="a">American Folklife Center concert, 1990</subfield>
</datafield>
<datafield ind1=" " ind2=" " tag="260">
<subfield code="c">1990.</subfield>
</datafield>
<datafield ind1=" " ind2=" " tag="300">
<subfield code="3">manuscripts</subfield>
<subfield code="a">9</subfield>
<subfield code="f">folders.</subfield>
</datafield>
<datafield ind1=" " ind2=" " tag="300">
<subfield code="3">sound recordings</subfield>
<subfield code="a">12 sound tape reels :</subfield>
<subfield code="b">analog, 7 1/2 ips, 2 track ;</subfield>
<subfield code="c">10 in.</subfield>
</datafield>
<datafield ind1=" " ind2=" " tag="300">
<subfield code="3">sound recordings</subfield>
<subfield code="a">3 sound tape reels :</subfield>
<subfield code="b">analog, 7 1/2 ips, 2 track ;</subfield>
<subfield code="c">7 in.</subfield>
</datafield>
<datafield ind1=" " ind2=" " tag="300">
<subfield code="a">sound recordings</subfield>
<subfield code="a">4 sound cassettes :</subfield>
<subfield code="b">analog.</subfield>
</datafield>
<datafield ind1=" " ind2=" " tag="300">
<subfield code="3">graphic materials</subfield>
<subfield code="a">143 photographs :</subfield>
<subfield code="b">negatives, black and white.</subfield>
</datafield>
<datafield ind1=" " ind2=" " tag="300">
<subfield code="3">graphic materials</subfield>
<subfield code="a">92 slides :</subfield>
<subfield code="b">color.</subfield>
</datafield>
<datafield ind1=" " ind2=" " tag="300">
<subfield code="3">graphic materials</subfield>
<subfield code="a">20 photographic prints :</subfield>
<subfield code="b">black and white, color ;</subfield>
<subfield code="c">8 x 10 in. and smaller.</subfield>
</datafield>
<datafield ind1=" " ind2=" " tag="300">
<subfield code="3">moving images</subfield>
<subfield code="a">2 videocassettes (VHS) :</subfield>
<subfield code="b">sound, color ;</subfield>
<subfield code="c">1/2 in.</subfield>
</datafield>
<datafield ind1=" " ind2="0" tag="440">
<subfield code="a">Neptune Plaza concert series</subfield>
</datafield>
<datafield ind1=" " ind2=" " tag="500">
<subfield code="a">
The group True Tones Gospel Singers is called True Tone Gospel Singers in the publicity materials and in the finding aid for this collection, and variously as the True Tones Gospel Singers and Truetones on their letterhead and correspondence.
</subfield>
</datafield>
<datafield ind1=" " ind2=" " tag="500">
<subfield code="a">
Photographs include negatives (143 images), black and white contact sheets (322 images), photographic prints (20), and Kodachrome color slides (92) photographed by Greg Jenkins, David A. Taylor, Jim Higgins, and unidentified photographers. Video filmed by Terrence Lisbeth.
</subfield>
</datafield>
<datafield ind1=" " ind2=" " tag="520">
<subfield code="a">
The collection consists of manuscript materials, sound recordings, photographs, and moving images documenting the performance of bluegrass music, klezmer music, Hungarian folk dance and music, Piedmont blues music, gospel music, and Afro-Cuban music and dance recorded live outdoors on Neptune Plaza in front of the Thomas Jefferson Building, Library of Congress, at concerts from April through September 1990, sponsored by the American Folklife Center and the National Council for the Traditional Arts. Concerts were recorded for broadcast on WAMU-FM, hosted by Dick Spottswood. Manuscripts include some correspondence and program flyers autographed by the performers. On May 17, Henry Sapoznik was interviewed by Alan Jabbour; Karen Jabbour, Lee Ellen Friedland, and David A. Taylor were present at the interview.
</subfield>
</datafield>
<datafield ind1="0" ind2=" " tag="505">
<subfield code="a">
April 19: The Lynn Morris Band (Bluegrass music) -- May 17: Henry Sapoznik and Klezmer Plus (Klezmer music ) and an interview with Henry Sapoznik -- June 21: Életfa (Hungarian music) -- July 19: John Cephas and Phil Wiggins (Piedmont Blues) -- August 16: The True Tone Gospel Singers (Gospel) -- September 20: Otonowa (Afro-Cuban)
</subfield>
</datafield>
<datafield ind1="8" ind2=" " tag="524">
<subfield code="a">
1990 Neptune Plaza Concert Series Collection (AFC 1990/012), Archive of Folk Culture, American Folklife Center, Library of Congress, Washington, D.C.
</subfield>
</datafield>
<datafield ind1="1" ind2=" " tag="506">
<subfield code="a">
Collection is open for research. Access restrictions may apply, some materials may be stored offsite. To request materials, please contact the Folklife Reading Room at
</subfield>
<subfield code="u">http://hdl.loc.gov/loc.afc/folklife.contact</subfield>
</datafield>
<datafield ind1=" " ind2=" " tag="540">
<subfield code="a">
Duplication of the recorded materials may be governed by copyright and other restrictions.
</subfield>
</datafield>
<datafield ind1=" " ind2=" " tag="546">
<subfield code="3">Manuscripts</subfield>
<subfield code="a">in English.</subfield>
</datafield>
<datafield ind1=" " ind2=" " tag="546">
<subfield code="3">Sound recordings</subfield>
<subfield code="a">in English, Hungarian, Spanish, and Yiddish.</subfield>
</datafield>
<datafield ind1="8" ind2=" " tag="555">
<subfield code="a">
Finding aid available in the Folklife Reading Room and online via the American Folklife Center web pages.
</subfield>
</datafield>
<datafield ind1="1" ind2="0" tag="600">
<subfield code="a">Sapoznik, Henry</subfield>
<subfield code="v">Interviews.</subfield>
</datafield>
<datafield ind1=" " ind2="0" tag="650">
<subfield code="a">Folk music</subfield>
<subfield code="z">United States.</subfield>
</datafield>
<datafield ind1=" " ind2="0" tag="650">
<subfield code="a">Bluegrass music</subfield>
<subfield code="y">1981-1990.</subfield>
</datafield>
<datafield ind1=" " ind2="0" tag="650">
<subfield code="a">Gospel music</subfield>
<subfield code="z">Washington (D.C.)</subfield>
</datafield>
<datafield ind1=" " ind2="0" tag="650">
<subfield code="a">Folk dancing</subfield>
<subfield code="z">Hungary.</subfield>
</datafield>
<datafield ind1=" " ind2="0" tag="650">
<subfield code="a">Folk music</subfield>
<subfield code="z">Hungary.</subfield>
</datafield>
<datafield ind1=" " ind2="0" tag="650">
<subfield code="a">Dance music</subfield>
<subfield code="z">Hungary.</subfield>
</datafield>
<datafield ind1=" " ind2="0" tag="650">
<subfield code="a">Klezmer music.</subfield>
</datafield>
<datafield ind1=" " ind2="0" tag="650">
<subfield code="a">Blues (Music)</subfield>
<subfield code="z">Piedmont (U.S. : Region)</subfield>
</datafield>
<datafield ind1=" " ind2="0" tag="650">
<subfield code="a">Blues (Music)</subfield>
<subfield code="y">1981-1990.</subfield>
</datafield>
<datafield ind1=" " ind2="0" tag="650">
<subfield code="a">Dance, Black</subfield>
<subfield code="z">Cuba.</subfield>
</datafield>
<datafield ind1=" " ind2="0" tag="650">
<subfield code="a">Dance orchestra music</subfield>
<subfield code="z">Cuba.</subfield>
</datafield>
<datafield ind1=" " ind2="0" tag="650">
<subfield code="a">Rumba (Dance)</subfield>
<subfield code="z">Cuba.</subfield>
</datafield>
<datafield ind1=" " ind2="0" tag="650">
<subfield code="a">Popular music</subfield>
<subfield code="z">Cuba.</subfield>
</datafield>
<datafield ind1=" " ind2="0" tag="650">
<subfield code="a">African Americans</subfield>
<subfield code="v">Music.</subfield>
</datafield>
<datafield ind1=" " ind2="0" tag="650">
<subfield code="a">Cuban Americans</subfield>
<subfield code="v">Music.</subfield>
</datafield>
<datafield ind1=" " ind2="0" tag="650">
<subfield code="a">Hungarian Americans</subfield>
<subfield code="v">Music.</subfield>
</datafield>
<datafield ind1=" " ind2="0" tag="650">
<subfield code="a">Jews</subfield>
<subfield code="z">New York (State)</subfield>
<subfield code="v">Music.</subfield>
</datafield>
<datafield ind1=" " ind2="0" tag="651">
<subfield code="a">Washington (D.C.)</subfield>
<subfield code="e">event place</subfield>
</datafield>
<datafield ind1=" " ind2="7" tag="655">
<subfield code="a">Sound recordings.</subfield>
<subfield code="2">aat</subfield>
</datafield>
<datafield ind1=" " ind2="7" tag="655">
<subfield code="a">Interviews.</subfield>
<subfield code="2">lcgft</subfield>
</datafield>
<datafield ind1=" " ind2="7" tag="655">
<subfield code="a">Manuscripts.</subfield>
<subfield code="2">aat</subfield>
</datafield>
<datafield ind1=" " ind2="7" tag="655">
<subfield code="a">Photographic prints.</subfield>
<subfield code="2">aat</subfield>
</datafield>
<datafield ind1=" " ind2="7" tag="655">
<subfield code="a">Color slides.</subfield>
<subfield code="2">aat</subfield>
</datafield>
<datafield ind1=" " ind2="7" tag="655">
<subfield code="a">Videocassettes.</subfield>
<subfield code="2">aat</subfield>
</datafield>
<datafield ind1=" " ind2="7" tag="655">
<subfield code="a">Autographs.</subfield>
<subfield code="2">aat</subfield>
</datafield>
<datafield ind1="1" ind2=" " tag="700">
<subfield code="a">Sapoznik, Henry,</subfield>
<subfield code="e">performer,</subfield>
<subfield code="e">interviewee.</subfield>
</datafield>
<datafield ind1="1" ind2=" " tag="700">
<subfield code="a">Cephas, John,</subfield>
<subfield code="e">performer.</subfield>
</datafield>
<datafield ind1="1" ind2=" " tag="700">
<subfield code="a">Wiggins, Phil,</subfield>
<subfield code="e">performer.</subfield>
</datafield>
<datafield ind1="1" ind2=" " tag="700">
<subfield code="a">Jabbour, Alan,</subfield>
<subfield code="e">interviewer.</subfield>
</datafield>
<datafield ind1="1" ind2=" " tag="700">
<subfield code="a">Spottswood, Richard K.</subfield>
<subfield code="q">(Richard Keith),</subfield>
<subfield code="e">host.</subfield>
</datafield>
<datafield ind1="2" ind2=" " tag="710">
<subfield code="a">Lynn Morris Band,</subfield>
<subfield code="e">performer.</subfield>
</datafield>
<datafield ind1="2" ind2=" " tag="710">
<subfield code="a">Klezmer Plus (Musical group),</subfield>
<subfield code="e">performer.</subfield>
</datafield>
<datafield ind1="2" ind2=" " tag="710">
<subfield code="a">Életfa (Musical group),</subfield>
<subfield code="e">performer.</subfield>
</datafield>
<datafield ind1="2" ind2=" " tag="710">
<subfield code="a">True Tones Gospel Singers,</subfield>
<subfield code="e">performer.</subfield>
</datafield>
<datafield ind1="2" ind2=" " tag="710">
<subfield code="a">Otonowa (Musical group),</subfield>
<subfield code="e">performer.</subfield>
</datafield>
<datafield ind1="2" ind2=" " tag="710">
<subfield code="a">American Folklife Center,</subfield>
<subfield code="e">collector.</subfield>
</datafield>
<datafield ind1="2" ind2=" " tag="710">
<subfield code="a">Archive of Folk Culture (Library of Congress)</subfield>
</datafield>
<datafield ind1="2" ind2=" " tag="710">
<subfield code="a">WAMU-FM (Radio station : Washington, D.C.)</subfield>
</datafield>
<datafield ind1=" " ind2=" " tag="852">
<subfield code="a">Library of Congress</subfield>
<subfield code="b">Archive of Folk Culture, American Folklife Center,</subfield>
<subfield code="e">
101 Independence Ave. S.E., Washington, DC USA 20540-4610
</subfield>
<subfield code="u">http://hdl.loc.gov/loc.afc/folklife.home</subfield>
</datafield>
<datafield ind1="4" ind2="2" tag="856">
<subfield code="3">Finding aid</subfield>
<subfield code="u">http://hdl.loc.gov/loc.afc/eadafc.af011017</subfield>
</datafield>
<datafield ind1=" " ind2=" " tag="985">
<subfield code="a">AFC/1990 Neptune Plaza</subfield>
<subfield code="e">DHC</subfield>
</datafield>
<datafield ind1=" " ind2=" " tag="985">
<subfield code="a">afc/ead</subfield>
</datafield>
<datafield ind1=" " ind2=" " tag="985">
<subfield code="a">afc/coll</subfield>
</datafield>
<datafield ind1=" " ind2=" " tag="985">
<subfield code="a">afc/event</subfield>
</datafield>
</record>
</collection>